
@book{coelloFinanzasCorporativasValor2017,
  title = {Finanzas {{Corporativas}}: {{Valor}} Llave Para Una Organizaci\'on Sana y Competente},
  shorttitle = {Finanzas {{Corporativas}}},
  author = {Coello, Carlos Enrique Pacheco},
  year = {2017},
  month = dec,
  publisher = {{IMCP}},
  abstract = {Con frecuencia, al hablar de administraci\'on y de finanzas, se piensa en un divorcio entre estas, sin embargo, todas las \'areas que participan en una entidad est\'an involucradas en el manejo de los recursos.Por lo anterior, el autor de esta obra aborda temas relativos a la importancia de tener una buena gesti\'on y control sobre los recursos, de alinear el entorno econ\'omico con el sistema financiero mexicano y de conocer su impacto en las finanzas de una organizaci\'on; asimismo, analiza, de manera din\'amica, los estados financieros y hace \'enfasis en que estos no solo sirven como reportes para agentes externos a la empresa, sino que son muy necesarios para su manejo interno, sobre todo, en la toma de decisiones, pues generan un gran impacto dentro de la compa\~n\'ia. As\'i, en esta nueva edici\'on se incorpor\'o un cap\'itulo que aborda el tema de la predicci\'on de quiebra de una organizaci\'on, lo cual ayudar\'a al lector a su mejor entendimiento.Finanzas corporativas pretende que el emprendedor y el profesional que dirija una empresa, lo haga desde un enfoque de estrategia y reflexi\'on positiva, que no la vea solo como n\'umeros fr\'ios.},
  googlebooks = {w\_BGDwAAQBAJ},
  isbn = {978-607-8552-33-7},
  keywords = {Business \& Economics / Corporate Finance / General},
  language = {en}
}

@book{ContabilidadGerencialFundamentos,
  title = {{Contabilidad Gerencial. Fundamentos, principios e introducci\'on a la contabilidad}},
  publisher = {{Leovigildo Latorre}},
  googlebooks = {ZFYSrjK\_xOgC},
  isbn = {978-958-701-769-4},
  language = {es}
}

@book{garciaINTELIGENCIAARTIFICIALFundamentos2012,
  title = {{INTELIGENCIA ARTIFICIAL. Fundamentos, pr\'actica y aplicaciones}},
  author = {Garc{\'i}a, Alberto},
  year = {2012},
  publisher = {{RC Libros}},
  googlebooks = {WDuqquRP70UC},
  isbn = {978-84-939450-2-2},
  language = {es}
}

@book{lopezHaciaLiderazgoEuropeo,
  title = {{Hacia el liderazgo europeo en las escuelas de pensamiento de marketing}},
  author = {L{\'o}pez, David de la Antonia},
  publisher = {{Editorial Visi\'on Libros}},
  googlebooks = {poVdfwLrI3wC},
  isbn = {978-84-9983-543-3},
  language = {es}
}


